<?xml version="1.0" encoding="UTF-8"?><collection xmlns="http://www.loc.gov/MARC21/slim"><record><leader>00497nam--2200181-i-4500</leader><controlfield tag="001">000000959</controlfield><controlfield tag="002">20161230</controlfield><controlfield tag="005">20161230201024</controlfield><controlfield tag="008">060222s1000------------r-----000-0-eng-d</controlfield><datafield ind1=" " ind2=" " tag="040"><subfield code="a">IFIN-HH</subfield></datafield><datafield ind1=" " ind2=" " tag="080"><subfield code="a">514.765</subfield></datafield><datafield ind1="1" ind2=" " tag="100"><subfield code="a">Helgason, Sigurdur</subfield></datafield><datafield ind1="1" ind2="0" tag="245"><subfield code="a">Topics in harmonic analysis on homogeneous spaces</subfield><subfield code="c">Sigurdur helgason</subfield></datafield><datafield ind1=" " ind2=" " tag="260"><subfield code="a">Boston</subfield><subfield code="b">Birkhauser</subfield><subfield code="c">1981</subfield></datafield><datafield ind1=" " ind2=" " tag="300"><subfield code="a">IX + 142 P</subfield></datafield><datafield ind1=" " ind2=" " tag="490"><subfield code="a">Progress In Mathematics Vol. 13</subfield></datafield><datafield ind1=" " ind2=" " tag="852"><subfield code="a">70155</subfield><subfield code="c">53</subfield></datafield><datafield ind1=" " ind2=" " tag="CAT"><subfield code="a">Sys</subfield><subfield code="c">20150806</subfield><subfield code="h">105928</subfield></datafield></record></collection>